<?xml version="1.0" encoding="UTF-8"?><collection xmlns="http://www.loc.gov/MARC21/slim"><record><leader>00431nam--2200145-i-4500</leader><controlfield tag="001">000003707</controlfield><controlfield tag="002">20161230</controlfield><controlfield tag="005">20170221232845</controlfield><controlfield tag="008">060222s1000------------r-----000-0-eng-d</controlfield><datafield ind1=" " ind2=" " tag="245"><subfield code="a">Tehnica frecventelor ultrainalte. Traducere di n limba rusa. Sub redactia lui T.R.Brahman II Partea 1</subfield></datafield><datafield ind1=" " ind2=" " tag="260"><subfield code="a">Bucuresti</subfield><subfield code="b">Edit.Tehnica</subfield><subfield code="c">1957</subfield></datafield><datafield ind1=" " ind2=" " tag="300"><subfield code="a">323 p. + Erata</subfield></datafield><datafield ind1=" " ind2=" " tag="700"><subfield code="a">Brahman, T. R</subfield></datafield><datafield ind1=" " ind2=" " tag="852"><subfield code="a">90</subfield></datafield><datafield ind1=" " ind2=" " tag="CAT"><subfield code="a">SYS</subfield><subfield code="c">20170221</subfield><subfield code="h">232845</subfield></datafield></record></collection>